<marcxml:record xmlns:marcxml="http://www.loc.gov/MARC21/slim" xmlns:idx="info:lc/xq-modules/lcindex" xmlns:madsrdf="http://www.loc.gov/mads/rdf/v1#" xmlns:ri="http://id.loc.gov/ontologies/RecordInfo#" xmlns:xlink="http://www.w3.org/1999/xlink" xmlns:rdf="http://www.w3.org/1999/02/22-rdf-syntax-ns#" xmlns:mets="http://www.loc.gov/METS/" xmlns:semtriples="http://marklogic.com/semantic" xmlns:xsi="http://www.w3.org/2001/XMLSchema-instance" xmlns:streams="info:lc/streams#">
            <marcxml:leader>02139cz  a2200301n  4500</marcxml:leader>
            <marcxml:controlfield tag="001">n2017026630</marcxml:controlfield>
            <marcxml:controlfield tag="003">DLC</marcxml:controlfield>
            <marcxml:controlfield tag="005">20170509114641.0</marcxml:controlfield>
            <marcxml:controlfield tag="008">170509n| azannaabn          |b ana      </marcxml:controlfield>
            <marcxml:datafield tag="010" ind1=" " ind2=" ">
              <marcxml:subfield code="a">n 2017026630</marcxml:subfield>
            </marcxml:datafield>
            <marcxml:datafield tag="040" ind1=" " ind2=" ">
              <marcxml:subfield code="a">DLC</marcxml:subfield>
              <marcxml:subfield code="b">eng</marcxml:subfield>
              <marcxml:subfield code="c">DLC</marcxml:subfield>
              <marcxml:subfield code="e">rda</marcxml:subfield>
            </marcxml:datafield>
            <marcxml:datafield tag="043" ind1=" " ind2=" ">
              <marcxml:subfield code="a">e-it---</marcxml:subfield>
            </marcxml:datafield>
            <marcxml:datafield tag="110" ind1="2" ind2=" ">
              <marcxml:subfield code="a">Chiesa dei Santi Sergio e Bacco degli Ucraini (Rome, Italy)</marcxml:subfield>
            </marcxml:datafield>
            <marcxml:datafield tag="370" ind1=" " ind2=" ">
              <marcxml:subfield code="a">Rome (Italy)</marcxml:subfield>
              <marcxml:subfield code="2">naf</marcxml:subfield>
            </marcxml:datafield>
            <marcxml:datafield tag="373" ind1=" " ind2=" ">
              <marcxml:subfield code="a">Ukraïnsʹka katolyt͡sʹka t͡serkva</marcxml:subfield>
              <marcxml:subfield code="2">naf</marcxml:subfield>
            </marcxml:datafield>
            <marcxml:datafield tag="410" ind1="2" ind2=" ">
              <marcxml:subfield code="a">Chiesa dei santi Sergio e Bacco dei Basiliani di san Giosafat (Rome, Italy)</marcxml:subfield>
            </marcxml:datafield>
            <marcxml:datafield tag="410" ind1="2" ind2=" ">
              <marcxml:subfield code="a">Chiesa di San Sergio e Bacco (Rome, Italy)</marcxml:subfield>
            </marcxml:datafield>
            <marcxml:datafield tag="410" ind1="2" ind2=" ">
              <marcxml:subfield code="a">Khram svv. muchenykiv Serhii͡a i Vakkha (Rome, Italy)</marcxml:subfield>
            </marcxml:datafield>
            <marcxml:datafield tag="410" ind1="2" ind2=" ">
              <marcxml:subfield code="a">Santi Sergio e Bacco (Church : Rome, Italy)</marcxml:subfield>
            </marcxml:datafield>
            <marcxml:datafield tag="410" ind1="2" ind2=" ">
              <marcxml:subfield code="a">T͡Serkva svi͡atykh muchenykiv Sehii͡a i Vakkha (Rome, Italy)</marcxml:subfield>
            </marcxml:datafield>
            <marcxml:datafield tag="410" ind1="2" ind2=" ">
              <marcxml:subfield code="a">Храм свв. мучеників Сергія і Вакха (Rome, Italy)</marcxml:subfield>
            </marcxml:datafield>
            <marcxml:datafield tag="410" ind1="2" ind2=" ">
              <marcxml:subfield code="a">Церква святих мучеників Сергія і Вакха (Rome, Italy)</marcxml:subfield>
            </marcxml:datafield>
            <marcxml:datafield tag="667" ind1=" " ind2=" ">
              <marcxml:subfield code="a">Non-Latin script reference not evaluated.</marcxml:subfield>
            </marcxml:datafield>
            <marcxml:datafield tag="670" ind1=" " ind2=" ">
              <marcxml:subfield code="a">Work cat.: Khoma, Ivan. Narys istoriï khramu Z͡Hyrovyt͡sʹkoï Bohomateri i svv. muchenykiv Serhii͡a i Vakkha v Rymi, 1972:</marcxml:subfield>
              <marcxml:subfield code="b">(Храм свв. мучеників Сергія і Вакха = Khram svv. muchenykiv SerhiЋiЌa i Vakkha</marcxml:subfield>
            </marcxml:datafield>
            <marcxml:datafield tag="670" ind1=" " ind2=" ">
              <marcxml:subfield code="a">Wikipedia, May 9, 2017:</marcxml:subfield>
              <marcxml:subfield code="b">(Santi Sergio e Bacco is a Catholic church of the Byzantine Rite in the rione of Monti in Rome, Italy, located in Piazza Madonna dei Monti; Since 1970 a national church of the Ukrainian Greek Catholic Church in Rome, now known officially as the "Parish of Ukrainian Catholics of Madonna del Pascolo and Saints Sergius and Bacchus"; 41° 53' 42.24" N, 12° 29' 27.04" E)</marcxml:subfield>
              <marcxml:subfield code="u">https://en.wikipedia.org/wiki/Santi_Sergio_e_Bacco</marcxml:subfield>
            </marcxml:datafield>
            <marcxml:datafield tag="670" ind1=" " ind2=" ">
              <marcxml:subfield code="a">Vikipedii͡a, May 9, 2017:</marcxml:subfield>
              <marcxml:subfield code="b">(Церква святих мучеників Сергія і Вакха = ЋTЌSerkva svЋiЌatykh muchenykiv SehiЋiЌa i Vakkha)</marcxml:subfield>
              <marcxml:subfield code="u">https://uk.wikipedia.org</marcxml:subfield>
            </marcxml:datafield>
            <marcxml:datafield tag="670" ind1=" " ind2=" ">
              <marcxml:subfield code="a">Churches of Rome Wiki, May 9, 2017:</marcxml:subfield>
              <marcxml:subfield code="b">(Santi Sergio e Bacco is an 18th century Oriental-rite parish church dedicated to the 4th century Roman martyrs Sergius and Bacchus; belongs to the Ukrainian Greek Catholic Church)</marcxml:subfield>
              <marcxml:subfield code="u">http://romanchurches.wikia.com/wiki/Main_Page</marcxml:subfield>
            </marcxml:datafield>
          </marcxml:record>
